@article{bezanson2017julia,
  title={Julia: A fresh approach to numerical computing},
  author={Bezanson, Jeff and Edelman, Alan and Karpinski, Stefan and Shah, Viral B},
  journal={SIAM review},
  volume={59},
  number={1},
  pages={65--98},
  year={2017},
  publisher={SIAM},
  doi={10.1137/141000671}
}

@book{durbin2012time,
  title={Time Series Analysis by State Space Methods},
  author={Durbin, James and Koopman, Siem Jan},
  year={2012},
  publisher={Oxford University Press},
  doi={10.1093/acprof:oso/9780199641178.001.0001}
}

@misc{statespacemodels,
  title={{StateSpaceModels.jl}},
  author={Raphael Saavedra and Guilherme Bodin and Mario Souto},
  year={[Online]. Available: \url{https://github.com/LAMPSPUC/StateSpaceModels.jl}\EatDot}
}

@misc{statespacejl,
  title={{StateSpace.jl}},
  author={},
  year={[Online]. Available: \url{https://github.com/ElOceanografo/StateSpace.jl}\EatDot}
}

@misc{kalmanjl,
  title={{Kalman.jl}},
  author={Moritz Schauer},
  year={[Online]. Available: \url{https://github.com/mschauer/Kalman.jl}\EatDot}
}

@misc{controlsystemsjl,
    title  = {{ControlSystems.jl: A Control Systems Toolbox for Julia}},
    author = {B. Carlson, Fredrik and Fält, Mattias},
    year   = {2016 [Online]. Available: \url{https://github.com/JuliaControl/ControlSystems.jl}\EatDot}
}


@book{zadeh2008linear,
  title={Linear System Theory: The State Space Approach},
  author={Zadeh, Lotfi and Desoer, Charles},
  year={2008},
  publisher={Courier Dover Publications},
  doi={10.1109/proc.1965.4237}
}

@article{kfas,
    title = {{KFAS}: Exponential Family State Space Models in {R}},
    author = {Jouni Helske},
    journal = {Journal of Statistical Software},
    year = {2017},
    volume = {78},
    number = {10},
    pages = {1--39},
    doi = {10.18637/jss.v078.i10},
}
  
@inproceedings{seabold2010statsmodels,
  title={Statsmodels: Econometric and statistical modeling with {P}ython},
  author={Seabold, Skipper and Perktold, Josef},
  booktitle={9th Python in Science Conference},
  year={2010},
}

@techreport{welch1995introduction,
  title={An Introduction to the {K}alman Filter},
  author={Welch, Greg and Bishop, Gary and others},
  institution={Department of Computer Science, University of North Carolina at Chapel Hill},
  year={1995}
}

@book{anderson2012optimal,
  title={Optimal Filtering},
  author={Anderson, Brian D. O. and Moore, John B.},
  year={2012},
  publisher={Courier Corporation}
}

@article{kalman1960new,
  title={A new approach to linear filtering and prediction problems},
  author={Kalman, Rudolph Emil},
  journal={Journal of basic Engineering},
  volume={82},
  number={1},
  pages={35--45},
  year={1960},
  publisher={American Society of Mechanical Engineers},
  doi={10.1115/1.3662552}
}

@article{koopman2000stamp,
  title={{STAMP} 6.0: Structural Time Series Analyser, Modeller and Predictor},
  author={Koopman, Siem Jan and Harvey, Andrew C. and Doornik, Jurgen A. and Shephard, Neil},
  journal={London: Timberlake Consultants},
  year={2000}
}

@book{casella2002statistical,
  title={Statistical Inference},
  author={Casella, George and Berger, Roger L.},
  volume={2},
  year={2002},
  publisher={Duxbury Pacific Grove, CA}
}

@article{mogensen2018optim,
  title={Optim: A mathematical optimization package for {J}ulia},
  author={Mogensen, Patrick Kofod and Riseth, Asbj{\o}rn Nilsen},
  journal={Journal of Open Source Software},
  volume={3},
  number={24},
  year={2018},
  publisher={Open Journals},
  doi={10.21105/joss.00615}
}

@article{liu1989limited,
  title={On the limited memory {BFGS} method for large scale optimization},
  author={Liu, Dong C. and Nocedal, Jorge},
  journal={Mathematical programming},
  volume={45},
  number={1-3},
  pages={503--528},
  year={1989},
  publisher={Springer}
}

@inproceedings{saavedra2018simulating,
  title={Simulating Low and High-Frequency Energy Demand Scenarios in a Unified Framework--{P}art {I}: Low-Frequency Simulation},
  author={Saavedra, Raphael and Bodin, Guilherme and others},
  booktitle={Proceedings of the L Simpósio Brasileiro de Pesquisa Operacional},
  year={2018},
  doi={10.17771/PUCRio.IRR.33804}
}

@article{jarque1980efficient,
  title={Efficient tests for normality, homoscedasticity and serial independence of regression residuals},
  author={Jarque, Carlos M and Bera, Anil K},
  journal={Economics letters},
  volume={6},
  number={3},
  pages={255--259},
  year={1980},
  publisher={Elsevier}
}

@article{box1970distribution,
  title={Distribution of residual autocorrelations in autoregressive-integrated moving average time series models},
  author={Box, George EP and Pierce, David A},
  journal={Journal of the American statistical Association},
  volume={65},
  number={332},
  pages={1509--1526},
  year={1970},
  publisher={Taylor \& Francis Group}
}